@inproceedings{kolahi2009approximating,
  title={On approximating optimum repairs for functional dependency violations},
  author={Kolahi, Solmaz and Lakshmanan, Laks VS},
  booktitle={Proceedings of the 12th International Conference on Database Theory},
  pages={53--62},
  year={2009},
  organization={ACM}
}

@inproceedings{bohannon2007conditional,
  title={Conditional functional dependencies for data cleaning},
  author={Bohannon, Philip and Fan, Wenfei and Geerts, Floris and Jia, Xibei and Kementsietsidis, Anastasios},
  booktitle={2007 IEEE 23rd international conference on data engineering},
  pages={746--755},
  year={2007},
  organization={IEEE}
}

@article{jindal2014review,
  title={A review of ranking approaches for semantic search on web},
  author={Jindal, Vikas and Bawa, Seema and Batra, Shalini},
  journal={Information Processing \& Management},
  volume={50},
  number={2},
  pages={416--425},
  year={2014},
  publisher={Elsevier}
}

@inproceedings{fionda2018fact,
  title={Fact checking via evidence patterns},
  author={Fionda, Valeria and Pirr{\`o}, Giuseppe},
  booktitle={Proceedings of the 27th International Joint Conference on Artificial Intelligence},
  pages={3755--3761},
  year={2018},
  organization={AAAI Press}
}

@inproceedings{zhang2016collaborative,
  title={Collaborative knowledge base embedding for recommender systems},
  author={Zhang, Fuzheng and Yuan, Nicholas Jing and Lian, Defu and Xie, Xing and Ma, Wei-Ying},
  booktitle={Proceedings of the 22nd ACM SIGKDD international conference on knowledge discovery and data mining},
  pages={353--362},
  year={2016},
  organization={ACM}
}

@inproceedings{yu2011extending,
  title={Extending functional dependency to detect abnormal data in RDF graphs},
  author={Yu, Yang and Heflin, Jeff},
  booktitle={International Semantic Web Conference},
  pages={794--809},
  year={2011},
  organization={Springer}
}

@inproceedings{fan2016functional,
  title={Functional dependencies for graphs},
  author={Fan, Wenfei and Wu, Yinghui and Xu, Jingbo},
  booktitle={Proceedings of the 2016 International Conference on Management of Data},
  pages={1843--1857},
  year={2016},
  organization={ACM}
}

@article{lin2019discovering,
  title={Discovering Patterns for Fact Checking in Knowledge Graphs},
  author={Lin, Peng and Song, Qi and Wu, Yinghui and Pi, Jiaxing},
  journal={Journal of Data and Information Quality (JDIQ)},
  volume={11},
  number={3},
  pages={13},
  year={2019},
  publisher={ACM}
}

@inproceedings{fan2017dependencies,
  title={Dependencies for graphs},
  author={Fan, Wenfei and Lu, Ping},
  booktitle={Proceedings of the 36th ACM SIGMOD-SIGACT-SIGAI Symposium on Principles of Database Systems},
  pages={403--416},
  year={2017},
  organization={ACM}
}

@article{galarraga2015fast,
  title={Fast rule mining in ontological knowledge bases with AMIE++},
  author={Gal{\'a}rraga, Luis and Teflioudi, Christina and Hose, Katja and Suchanek, Fabian M},
  journal={The VLDB Journalâ€”The International Journal on Very Large Data Bases},
  volume={24},
  number={6},
  pages={707--730},
  year={2015},
  publisher={Springer-Verlag New York, Inc.}
}

@inproceedings{galarraga2013amie,
  title={AMIE: association rule mining under incomplete evidence in ontological knowledge bases},
  author={Gal{\'a}rraga, Luis Antonio and Teflioudi, Christina and Hose, Katja and Suchanek, Fabian},
  booktitle={Proceedings of the 22nd international conference on World Wide Web},
  pages={413--422},
  year={2013},
  organization={ACM}
}

@article{rashid2019completeness,
  title={Completeness and consistency analysis for evolving knowledge bases},
  author={Rashid, Mohammad Rifat Ahmmad and Rizzo, Giuseppe and Torchiano, Marco and Mihindukulasooriya, Nandana and Corcho, Oscar and Garc{\'\i}a-Castro, Ra{\'u}l},
  journal={Journal of Web Semantics},
  volume={54},
  pages={48--71},
  year={2019},
  publisher={Elsevier}
}

@inproceedings{wienand2014detecting,
  title={Detecting incorrect numerical data in dbpedia},
  author={Wienand, Dominik and Paulheim, Heiko},
  booktitle={European Semantic Web Conference},
  pages={504--518},
  year={2014},
  organization={Springer}
}

@inproceedings{melo2017detection,
  title={Detection of relation assertion errors in knowledge graphs},
  author={Melo, Andr{\'e} and Paulheim, Heiko},
  booktitle={Proceedings of the Knowledge Capture Conference},
  pages={22},
  year={2017},
  organization={ACM}
}

@article{krishnan2016activeclean,
  title={ActiveClean: interactive data cleaning for statistical modeling},
  author={Krishnan, Sanjay and Wang, Jiannan and Wu, Eugene and Franklin, Michael J and Goldberg, Ken},
  journal={Proceedings of the VLDB Endowment},
  volume={9},
  number={12},
  pages={948--959},
  year={2016},
  publisher={VLDB Endowment}
}

@inproceedings{fleischhacker2014detecting,
  title={Detecting errors in numerical linked data using cross-checked outlier detection},
  author={Fleischhacker, Daniel and Paulheim, Heiko and Bryl, Volha and V{\"o}lker, Johanna and Bizer, Christian},
  booktitle={International semantic web conference},
  pages={357--372},
  year={2014},
  organization={Springer}
}

@inproceedings{peng2018anomalous,
  title={ANOMALOUS: A Joint Modeling Approach for Anomaly Detection on Attributed Networks.},
  author={Peng, Zhen and Luo, Minnan and Li, Jundong and Liu, Huan and Zheng, Qinghua},
  booktitle={IJCAI},
  pages={3513--3519},
  year={2018}
}

@inproceedings{ding2019deep,
  title={Deep Anomaly Detection on Attributed Networks},
  author={Ding, Kaize and Li, Jundong and Bhanushali, Rohit and Liu, Huan},
  booktitle={Proceedings of the 2019 SIAM International Conference on Data Mining},
  pages={594--602},
  year={2019},
  organization={SIAM}
}

@article{wu2019comprehensive,
  title={A comprehensive survey on graph neural networks},
  author={Wu, Zonghan and Pan, Shirui and Chen, Fengwen and Long, Guodong and Zhang, Chengqi and Yu, Philip S},
  journal={arXiv preprint arXiv:1901.00596},
  year={2019}
}

@inproceedings{zhong2019graph,
  title={Graph Convolutional Label Noise Cleaner: Train a Plug-and-play Action Classifier for Anomaly Detection},
  author={Zhong, Jia-Xing and Li, Nannan and Kong, Weijie and Liu, Shan and Li, Thomas H and Li, Ge},
  booktitle={Proceedings of the IEEE Conference on Computer Vision and Pattern Recognition},
  pages={1237--1246},
  year={2019}
}

@article{kipf2016semi,
  title={Semi-supervised classification with graph convolutional networks},
  author={Kipf, Thomas N and Welling, Max},
  journal={arXiv preprint arXiv:1609.02907},
  year={2016}
}

@article{sun2019adagcn,
  title={AdaGCN: Adaboosting Graph Convolutional Networks into Deep Models},
  author={Sun, Ke and Lin, Zhouchen and Zhu, Zhanxing},
  journal={arXiv preprint arXiv:1908.05081},
  year={2019}
}

@inproceedings{wang2018non,
  title={Non-local neural networks},
  author={Wang, Xiaolong and Girshick, Ross and Gupta, Abhinav and He, Kaiming},
  booktitle={Proceedings of the IEEE Conference on Computer Vision and Pattern Recognition},
  pages={7794--7803},
  year={2018}
}

@article{kapoor2019mixhop,
  title={MixHop: Higher-Order Graph Convolutional Architectures via Sparsified Neighborhood Mixing},
  author={Kapoor, Amol and Galstyan, Aram and Perozzi, Bryan and Ver Steeg, Greg and Harutyunyan, Hrayr and Lerman, Kristina and Alipourfard, Nazanin and Abu-El-Haija, Sami},
  year={2019}
}

@article{xu2018representation,
  title={Representation learning on graphs with jumping knowledge networks},
  author={Xu, Keyulu and Li, Chengtao and Tian, Yonglong and Sonobe, Tomohiro and Kawarabayashi, Ken-ichi and Jegelka, Stefanie},
  journal={arXiv preprint arXiv:1806.03536},
  year={2018}
}

@article{klicpera2018predict,
  title={Predict then propagate: Graph neural networks meet personalized pagerank},
  author={Klicpera, Johannes and Bojchevski, Aleksandar and G{\"u}nnemann, Stephan},
  year={2018}
}

@inproceedings{gori2005new,
  title={A new model for learning in graph domains},
  author={Gori, Marco and Monfardini, Gabriele and Scarselli, Franco},
  booktitle={Proceedings. 2005 IEEE International Joint Conference on Neural Networks, 2005.},
  volume={2},
  pages={729--734},
  year={2005},
  organization={IEEE}
}

@inproceedings{backstrom2011supervised,
  title={Supervised random walks: predicting and recommending links in social networks},
  author={Backstrom, Lars and Leskovec, Jure},
  booktitle={Proceedings of the fourth ACM international conference on Web search and data mining},
  pages={635--644},
  year={2011},
  organization={ACM}
}

@article{qimaiinsight2018,
  title={Deeper Insights into Graph Convolutional Networks for Semi-Supervised Learning},
  author={Qimai Li, Zhichao Han, Xiao-Ming Wu},
  year={2018},
  organization={AAAI}
}

@article{pintest,
  title={Graph Convolutional Neural Networks for Web-Scale Recommender Systems},
  author={Rex Ying, Ruining He, Kaifeng Chen, Pong Eksombatchai, William L. Hamilton, Jure Leskovec},
  journal={arXiv preprint arXiv:1806.01973},
  year={2018},
}

@inproceedings{hamilton2017inductive,
  title={Inductive representation learning on large graphs},
  author={Hamilton, Will and Ying, Zhitao and Leskovec, Jure},
  booktitle={Advances in Neural Information Processing Systems},
  pages={1024--1034},
  year={2017}
}

@article{velivckovic2017graph,
  title={Graph attention networks},
  author={Veli{\v{c}}kovi{\'c}, Petar and Cucurull, Guillem and Casanova, Arantxa and Romero, Adriana and Lio, Pietro and Bengio, Yoshua},
  journal={arXiv preprint arXiv:1710.10903},
  year={2017}
}

@inproceedings{li2018deeper,
  title={Deeper insights into graph convolutional networks for semi-supervised learning},
  author={Li, Qimai and Han, Zhichao and Wu, Xiao-Ming},
  booktitle={Thirty-Second AAAI Conference on Artificial Intelligence},
  year={2018}
}

@INPROCEEDINGS{Tang:08KDD,
    AUTHOR = "Jie Tang and Jing Zhang and Limin Yao and Juanzi Li and Li Zhang and Zhong Su",
    TITLE = "ArnetMiner: Extraction and Mining of Academic Social Networks",
    pages = "990-998",
    YEAR = {2008},
    BOOKTITLE = "KDD'08",
}

@article{arocena2015messing,
  title={Messing up with BART: error generation for evaluating data-cleaning algorithms},
  author={Arocena, Patricia C and Glavic, Boris and Mecca, Giansalvatore and Miller, Ren{\'e}e J and Papotti, Paolo and Santoro, Donatello},
  journal={Proceedings of the VLDB Endowment},
  volume={9},
  number={2},
  pages={36--47},
  year={2015},
  publisher={VLDB Endowment}
}

@article{hashing-nn,
  title={Near-optimal hashing algorithms for approximate nearest neighbor in high dimensions},
  author={A. Andoni and P. Indyk},
  journal={FOCS},
  year={2006}
}

@article{twolevel,
  title={Efficient
query evaluation using a two-level retrieval process},
  author={A. Z. Broder, D. Carmel, M. Herscovici, A. Soffer, and J. Zien},
  journal={CIKM},
  year={2003}
}

@article{fasttext,
  title={Enriching Word Vectors with Subword Information},
  author={Bojanowski, Piotr and Grave, Edouard and Joulin, Armand and Mikolov, Tomas},
  journal={arXiv preprint arXiv:1607.04606},
  year={2016}
}